<?xml version="1.0" encoding="UTF-8"?><collection xmlns="http://www.loc.gov/MARC21/slim"><record><leader>00407nam--2200145-i-4500</leader><controlfield tag="001">000025937</controlfield><controlfield tag="002">20161230</controlfield><controlfield tag="005">20161230201036</controlfield><controlfield tag="008">060222s1000------------r-----000-0-eng-d</controlfield><datafield ind1=" " ind2=" " tag="080"><subfield code="a">546.1</subfield></datafield><datafield ind1=" " ind2=" " tag="100"><subfield code="a">Jolly, William L</subfield></datafield><datafield ind1=" " ind2=" " tag="245"><subfield code="a">The chemistry of the non-metals</subfield></datafield><datafield ind1=" " ind2=" " tag="260"><subfield code="a">Englewood Cliffs, N. J., Prentice-hall, Inc., 1966. Viii+149p</subfield></datafield><datafield ind1=" " ind2=" " tag="490"><subfield code="a">Foundations Of Modern Chemistry Series</subfield></datafield><datafield ind1=" " ind2=" " tag="852"><subfield code="a">24714</subfield></datafield></record></collection>